@book{dataAnalysis,
	title =     {Data Analysis: A Bayesian Tutorial},
	author =    {Devinderjit Sivia, John Skilling},
	publisher = {Oxford University Press, USA},
	isbn =      {0198568320; 9780198568322},
	year =      {2006},
	edition =   {2}}

@book{creighton,
	title =     {Gravitational-Wave Physics and Astronomy: An Introduction to Theory, Experiment and Data Analysis},
	author =    {Dr. Jolien D. E. Creighton, Dr. Warren G. Anderson(auth.)},
	isbn =      {9783527408863; 352740886X; 9783527636037; 352763603X},
	year =      {2011}}

@book{maggiore,
	title =     {Gravitational Waves, Volume 2: Astrophysics and Cosmology 2},
	author =    {Maggiore, Michele},
	publisher = {Oxford University Press},
	isbn =      {9780198570745; 0198570740; 9780198570899; 0198570899; 9780198755289; 0198755287},
	year =      {2018}}

@article{bondisachs,
	title={Bondi-Sachs Formalism},
	volume={11},
	ISSN={1941-6016},
	url={http://dx.doi.org/10.4249/scholarpedia.33528},
	DOI={10.4249/scholarpedia.33528},
	number={12},
	journal={Scholarpedia},
	publisher={Scholarpedia},
	author={MÃÂ¤dler, Thomas and Winicour, Jeffrey},
	year={2016},
	pages={33528}
}

@article{Frauendiener,
	issn = {0264-9381},
	journal = {Classical and quantum gravity},
	volume = {38},
	publisher = {IOP Publishing},
	number = {19},
	year = {2021},
	title = {The non-linear perturbation of a black hole by gravitational waves. I. The Bondi–Sachs mass loss},
	copyright = {2021 IOP Publishing Ltd},
	language = {eng},
	author = {Frauendiener, J and Stevens, C},
	keywords = {conformal field equations ; null infinity ; Physics - General Relativity and Quantum Cosmology ; quasi-normal modes},
}

@article{extraDQNM,
	year = {2017},
	title = {Signatures of extra dimensions in gravitational waves from black hole quasi-normal modes},
	copyright = {http://arxiv.org/licenses/nonexclusive-distrib/1.0},
	language = {eng},
	author = {Chakraborty, Sumanta and Chakravarti, Kabir and Bose, Sukanta and SenGupta, Soumitra},
	keywords = {Physics - General Relativity and Quantum Cosmology},
}

@article{TESTINGNOHAIR,
	year = {2019},
	title = {Testing the no-hair theorem with GW150914},
	copyright = {http://arxiv.org/licenses/nonexclusive-distrib/1.0},
	language = {eng},
	author = {Isi, Maximiliano and Giesler, Matthew and Farr, Will M and Scheel, Mark A and Teukolsky, Saul A},
}

@article{nohair2,
	year = {2020},
	title = {Binary black hole spectroscopy: a no-hair test of GW190814 and GW190412},
	copyright = {http://arxiv.org/licenses/nonexclusive-distrib/1.0},
	language = {eng},
	author = {Capano, Collin D and Nitz, Alexander H},
}

@article{Kerrhair,
	year = {2020},
	title = {Growth of accretion driven scalar hair around Kerr black holes},
	copyright = {http://arxiv.org/licenses/nonexclusive-distrib/1.0},
	language = {eng},
	author = {Bamber, Jamie and Clough, Katy and Ferreira, Pedro G and Hui, Lam and Lagos, Macarena},
}

@article{vectorhair,
	author = "Siemonsen, Nils and East, William E.",
	title = "{Gravitational wave signatures of ultralight vector bosons from black hole superradiance}",
	eprint = "1910.09476",
	archivePrefix = "arXiv",
	primaryClass = "gr-qc",
	doi = "10.1103/PhysRevD.101.024019",
	journal = "Phys. Rev. D",
	volume = "101",
	number = "2",
	pages = "024019",
	year = "2020"
}

@article{procaansatz,
	author = "Frolov, Valeri P. and Krtou\v{s}, Pavel and Kubiz\v{n}\'ak, David and Santos, Jorge E.",
	title = "{Massive Vector Fields in Rotating Black-Hole Spacetimes: Separability and Quasinormal Modes}",
	eprint = "1804.00030",
	archivePrefix = "arXiv",
	primaryClass = "hep-th",
	doi = "10.1103/PhysRevLett.120.231103",
	journal = "Phys. Rev. Lett.",
	volume = "120",
	pages = "231103",
	year = "2018"
}

@article{modelingproca,
	title={Modeling and searching for a stochastic gravitational-wave background from ultralight vector bosons},
	volume={103},
	ISSN={2470-0029},
	url={http://dx.doi.org/10.1103/PhysRevD.103.083005},
	DOI={10.1103/physrevd.103.083005},
	number={8},
	journal={Physical Review D},
	publisher={American Physical Society (APS)},
	author={Tsukada, Leo and Brito, Richard and East, William E. and Siemonsen, Nils},
	year={2021},
	month={Apr}
}

@ARTICLE{dirac2+1,
	author = {{Gurtas Dogan}, Semra and {Sucu}, Yusuf},
	title = "{Quasinormal modes of Dirac field in 2 + 1 dimensional gravitational wave background}",
	journal = {Physics Letters B},
	keywords = {Gravitational wave, Quasinormal modes, Magnetic field, Dirac equation},
	year = 2019,
	month = oct,
	volume = {797},
	eid = {134839},
	pages = {134839},
	doi = {10.1016/j.physletb.2019.134839},
	adsurl = {https://ui.adsabs.harvard.edu/abs/2019PhLB..79734839G},
	adsnote = {Provided by the SAO/NASA Astrophysics Data System}
}

@article{QNMDIRAC,
	title={Black holes in massive gravity: Quasinormal modes of Dirac field perturbations},
	volume={30},
	ISSN={1793-6632},
	url={http://dx.doi.org/10.1142/S0217732315501473},
	DOI={10.1142/s0217732315501473},
	number={29},
	journal={Modern Physics Letters A},
	publisher={World Scientific Pub Co Pte Lt},
	author={Fernando, Sharmanthie},
	year={2015},
	month={Aug},
	pages={1550147}
}

@article{MASSIVETHEORYSCALAR,
	title={Black holes in massive gravity: quasi-normal modes of scalar perturbations},
	volume={46},
	ISSN={1572-9532},
	url={http://dx.doi.org/10.1007/s10714-014-1834-8},
	DOI={10.1007/s10714-014-1834-8},
	number={12},
	journal={General Relativity and Gravitation},
	publisher={Springer Science and Business Media LLC},
	author={Fernando, Sharmanthie and Clark, Tyler},
	year={2014},
	month={Nov}
}
@article{huntdark,
	title={Hunting for dark particles with gravitational waves},
	volume={2016},
	ISSN={1475-7516},
	url={http://dx.doi.org/10.1088/1475-7516/2016/10/001},
	DOI={10.1088/1475-7516/2016/10/001},
	number={10},
	journal={Journal of Cosmology and Astroparticle Physics},
	publisher={IOP Publishing},
	author={Giudice, Gian F. and McCullough, Matthew and Urbano, Alfredo},
	year={2016},
	month={Oct},
	pages={001–001}
}

@article{GWMassG,
	year = {2018},
	title = {Gravitational waves in massive gravity theories: waveforms, fluxes and constraints from extreme-mass-ratio mergers},
	copyright = {http://arxiv.org/licenses/nonexclusive-distrib/1.0},
	language = {eng},
	author = {Cardoso, Vitor and Castro, Gonçalo and Maselli, Andrea},
	keywords = {Physics - General Relativity and Quantum Cosmology},
}

@article{GWMassG2,
	year = {2020},
	title = {Gravitational wave echoes from black holes in massive gravity},
	copyright = {http://arxiv.org/licenses/nonexclusive-distrib/1.0},
	language = {eng},
	author = {Dong, Ruifeng and Stojkovic, Dejan},
	keywords = {Physics - General Relativity and Quantum Cosmology},
}

@article{echoe,
	issn = {1434-6044},
	journal = {The European physical journal. C, Particles and fields},
	pages = {1--8},
	volume = {79},
	publisher = {Springer Berlin Heidelberg},
	number = {9},
	year = {2019},
	title = {On echo intervals in gravitational wave echo analysis},
	copyright = {The Author(s) 2019},
	language = {eng},
	address = {Berlin/Heidelberg},
	author = {Wang, Yu-Tong and Zhang, Jun and Zhou, Shuang-Yong and Piao, Yun-Song},
	keywords = {Astronomy ; Astronomy, Astrophysics and Cosmology ; Astrophysics and Cosmology ; Elementary Particles ; Elementary Particles, Quantum Field Theory ; Hadrons ; Heavy Ions ; Measurement Science and Instrumentation ; Nuclear Energy ; Nuclear Physics ; Nuclear Physics, Heavy Ions, Hadrons ; Physics ; Physics and Astronomy ; Quantum Field Theories ; Quantum Field Theories, String Theory ; Quantum Field Theory ; Regular Article - Theoretical Physics ; String Theory},
}

@article{GW170817,
	issn = {1951-6355},
	journal = {The European physical journal. ST, Special topics},
	pages = {1149--1166},
	volume = {230},
	publisher = {Springer Berlin Heidelberg},
	number = {4},
	year = {2021},
	title = {GW170817 event rules out general relativity in favor of vector gravity},
	copyright = {The Author(s) 2021},
	language = {eng},
	address = {Berlin/Heidelberg},
	author = {Svidzinsky, Anatoly A and Hilborn, Robert C},
	keywords = {Analysis ; Astronomy ; Atomic ; Binary stars ; Classical and Continuum Physics ; Condensed Matter Physics ; Confidence intervals ; Data analysis ; Depletion ; Electromagnetism ; Frequency analysis ; general ; Gravitation theory ; Gravitational waves ; Gravity ; Information management ; Interferometers ; Materials Science ; Mathematical analysis ; Measurement Science and Instrumentation ; Molecular ; Neutron stars ; Non-Equilibrium Systems and Foundations of Quantum Physics ; Optical and Plasma Physics ; Physics ; Physics - General Physics ; Physics and Astronomy ; Polarization ; Regular Article ; Relativity ; Subtraction ; Tensors ; Theory of relativity},
}
