@book{dataAnalysis,
	title =     {Data Analysis: A Bayesian Tutorial},
	author =    {Devinderjit Sivia, John Skilling},
	publisher = {Oxford University Press, USA},
	isbn =      {0198568320; 9780198568322},
	year =      {2006},
	edition =   {2}}

@book{creighton,
	title =     {Gravitational-Wave Physics and Astronomy: An Introduction to Theory, Experiment and Data Analysis},
	author =    {Dr. Jolien D. E. Creighton, Dr. Warren G. Anderson(auth.)},
	isbn =      {9783527408863; 352740886X; 9783527636037; 352763603X},
	year =      {2011}}

@book{maggiore,
	title =     {Gravitational Waves, Volume 2: Astrophysics and Cosmology 2},
	author =    {Maggiore, Michele},
	publisher = {Oxford University Press},
	isbn =      {9780198570745; 0198570740; 9780198570899; 0198570899; 9780198755289; 0198755287},
	year =      {2018}}